

@inproceedings{overview14,
    author    = {Bogdan Ionescu and Adrian Popescu and Mihai Lupu and Alexandru Lucian G\^{i}nsc\v{a} and Henning M{\"{u}}ller},
    title     = {{Retrieving Diverse Social Images at MediaEval 2014: Challenge, Dataset and Evaluation}},
    booktitle = {{Proceedings of the MediaEval 2014 Multimedia Benchmark Workshop}},
    location  = {Barcelona, Spain},
    month     = {October},
    year      = {2014},
}

@article{metis,
    author = {Karypis, George and Kumar, Vipin},
    title = {A Fast and High Quality Multilevel Scheme for Partitioning Irregular Graphs},
    journal = {SIAM J. Sci. Comput.},
    issue_date = {Aug. 1998},
    volume = {20},
    number = {1},
    month = dec,
    year = {1998},
    issn = {1064-8275},
    pages = {359--392},
    numpages = {34},
    url = {http://dx.doi.org/10.1137/S1064827595287997},
    doi = {10.1137/S1064827595287997},
    acmid = {305248},
    publisher = {Society for Industrial and Applied Mathematics},
    address = {Philadelphia, PA, USA},
    keywords = {fill-reducing orderings, finite element computations, graph partitioning, parallel computations},
} 

@article{spectral,
    author = {Shi, Jianbo and Malik, Jitendra},
    title = {Normalized Cuts and Image Segmentation},
    journal = {IEEE Trans. Pattern Anal. Mach. Intell.},
    issue_date = {August 2000},
    volume = {22},
    number = {8},
    month = aug,
    year = {2000},
    issn = {0162-8828},
    pages = {888--905},
    numpages = {18},
    url = {http://dx.doi.org/10.1109/34.868688},
    doi = {10.1109/34.868688},
    acmid = {351611},
    publisher = {IEEE Computer Society},
    address = {Washington, DC, USA},
    keywords = {Grouping, image segmentation, graph partitioning.},
} 

@article{hierarchical,
    author = {Ward, Joe H.},
    description = {ESOM},
    journal = {Journal of the American Statistical Association},
    keywords = {classification clustering ward},
    number = 301,
    pages = {236--244},
    posted-at = {2008-03-02 22:15:21},
    priority = {0},
    timestamp = {2009-05-21T11:41:36.000+0200},
    title = {Hierarchical Grouping to Optimize an Objective Function},
    url = {http://www.jstor.org/stable/2282967},
    volume = 58,
    year = 1963
}


